% This file was created with JabRef 2.7b.
% Encoding: UTF8

@ARTICLE{Andresen1931,
  author = {Andresen, V.},
  title = {Normbegriff und Optimumsbegriff},
  journal = {Fortsch Orthod},
  year = {1931},
  volume = {1},
  pages = {276--86},
  owner = {neo},
  timestamp = {2011.04.07}
}

@ARTICLE{Angle1899,
  author = {Angle, E. H.},
  title = {Classification of malocclusion},
  journal = {Dental Cosmos},
  year = {1899},
  volume = {41},
  pages = {248--64},
  owner = {neo},
  timestamp = {2011.04.07}
}

@ARTICLE{Antonini1986,
  author = {Antonini, A. and Vichi, M. and Montigiani, C.},
  title = {Considerazioni sull'analisi proporzionale di Coben},
  journal = {Mondo Ortod},
  year = {1986},
  volume = {11},
  pages = {23--29},
  number = {6},
  timestamp = {2011.04.29}
}

@ARTICLE{Bjoerk1947,
  author = {Björk, A.},
  title = {The face in profile},
  journal = {Svensk Tandläk Tidskr},
  year = {1947},
  volume = {40},
  pages = {55--66},
  owner = {neo},
  timestamp = {2011.04.07}
}

@ARTICLE{Bjoerk1962,
  author = {Björk, A. and Beni, S.},
  title = {Measurement on radiographs.},
  journal = {J Dent Res},
  year = {1962},
  volume = {41},
  pages = {672--83},
  doi = {10.1177/00220345620410032101},
  keywords = {Radiography, Dental},
  medline-pst = {ppublish},
  owner = {neo},
  pmid = {13971297},
  timestamp = {2010.11.13}
}

@ARTICLE{Broadbent1937,
  author = {Broadbent, B. H.},
  title = {The face of the normal child},
  journal = {Angle Orthod},
  year = {1937},
  volume = {7},
  pages = {209--33},
  number = {4},
  timestamp = {2011.04.22}
}

@ARTICLE{Broadbent1931,
  author = {Broadbent, B. H.},
  title = {A new x-ray technique and its application to orthodontia},
  journal = {Angle Orthod},
  year = {1931},
  volume = {1},
  pages = {45--47},
  number = {2},
  file = {:/home/neo/UniPA/Tesi/docs/Broadbent - A new x-ray technique and its application to orthodontia.pdf:PDF},
  timestamp = {2011.04.22}
}

@ARTICLE{Brodie1946,
  author = {Brodie, A. G.},
  title = {Facial patterns: a theme on variation},
  journal = {Angle Orthod},
  year = {1946},
  volume = {16},
  pages = {75--87},
  file = {:/home/neo/UniPA/Tesi/docs/Brodie - Facial patterns - A theme on variation.pdf:PDF},
  timestamp = {2011.04.22}
}

@ARTICLE{Brodie1941,
  author = {Brodie, A. G.},
  title = {Behavior of normal and abnormal facial growth patterns},
  journal = {Am J Orthod Oral Surg},
  year = {1941},
  volume = {27},
  pages = {633-47},
  number = {11},
  doi = {10.1016/S0096-6347(41)90225-9},
  timestamp = {2011.04.22}
}

@PATENT{Coben1985,
  nationality = {US},
  number = {U.S. 4528627},
  year = {1985},
  yearfiled = {1982},
  author = {Coben, E. S.},
  title = {Method for cephalometric quantitation and expression of growth},
  day = {9},
  dayfiled = {12},
  month = {7},
  monthfiled = {11},
  timestamp = {2011.04.29}
}

@ARTICLE{Coben1979,
  author = {Coben, E. S.},
  title = {Basion horizontal coordinate tracing film},
  journal = {J Clin Orthod},
  year = {1979},
  volume = {13},
  pages = {598--605},
  number = {9},
  timestamp = {2011.04.29}
}

@ARTICLE{Coster1939,
  author = {de Coster, L.},
  title = {The network method of orthodontic diagnosis},
  journal = {Angle Orthod},
  year = {1939},
  volume = {9},
  pages = {3--29},
  owner = {neo},
  timestamp = {2011.04.07}
}

@BOOK{Cozza2006,
  title = {Sviluppo e crescita cranio-facciale},
  publisher = {Società Editrice Universo},
  year = {2006},
  author = {Cozza, P. and Mucedero, M.},
  isbn = {8889548258}
}

@ARTICLE{Cudia1991,
  author = {Cudia, G. and Michelizzi, C.},
  title = {Le predisposizioni della base del cranio nella analisi di Delaire},
  journal = {Mondo Ortod},
  year = {1991},
  volume = {16},
  pages = {337--41},
  number = {3},
  __markedentry = {[neo]},
  institution = {Centro Studi e Ricerche di Ortodonzia, La Spezia.},
  medline-pst = {ppublish},
  pmid = {1870594}
}

@ARTICLE{Delaire1981,
  author = {Delaire, J. and Schendel, S. A. and Tulasne, J. F.},
  title = {An architectural and structural craniofacial analysis: A new lateral
	cephalometric analysis},
  journal = {Oral Surg Oral Med Oral Pathol},
  year = {1981},
  volume = {52},
  pages = {226--38},
  number = {3},
  month = {9},
  owner = {david},
  timestamp = {2011.08.12}
}

@BOOK{Deshayes1987,
  title = {Crescita cranio-facciale e ortodonzia},
  publisher = {Masson},
  year = {1987},
  author = {Deshayes, M. J.},
  isbn = {8821415287},
  timestamp = {2011.04.28}
}

@ARTICLE{Downs1956,
  author = {Downs, W. B.},
  title = {Analysis of the dentofacial profile},
  journal = {Angle Orthod},
  year = {1956},
  volume = {16},
  pages = {191--212},
  number = {4},
  month = {10},
  owner = {neo},
  timestamp = {2011.04.07}
}

@BOOK{Enlow1986,
  title = {Crescita cranio facciale - Manuale atlante},
  publisher = {Editrice Cides Odonto},
  year = {1986},
  author = {Enlow, D. H.},
  timestamp = {2011.04.22}
}

@ARTICLE{Enlow1967,
  author = {Enlow, D. H.},
  title = {Morphogenic interpretation of cephalometric data.},
  journal = {J Dent Res},
  year = {1967},
  volume = {46},
  pages = {1209},
  number = {6},
  doi = {10.1177/00220345670460061501},
  pmid = {5235010}
}

@ARTICLE{Enlow1966,
  author = {Enlow, D. H.},
  title = {A morphogenetic analysis of facial growth.},
  journal = {Am J Orthod},
  year = {1966},
  volume = {52},
  pages = {283--99},
  number = {4},
  month = {4},
  doi = {10.1016/0002-9416(66)90169-2},
  pmid = {5217789}
}

@ARTICLE{Enlow1971,
  author = {Enlow, D. H. and Kuroda, T. and Lewis, A. B.},
  title = {The morphological and morphogenetic basis for craniofacial form and
	pattern.},
  journal = {Angle Orthod},
  year = {1971},
  volume = {41},
  pages = {161--88},
  number = {3},
  pmid = {5283666}
}

@ARTICLE{Enlow1969,
  author = {Enlow, D. H. and Moyers, R. E. and Hunter, W. S. and McNamara, J.
	A.},
  title = {A procedure for the analysis of intrinsic facial form and growth.
	An equivalent-balance concept.},
  journal = {Am J Orthod},
  year = {1969},
  volume = {56},
  pages = {6--23},
  number = {1},
  doi = {10.1016/0002-9416(69)90254-1},
  pmid = {5255278}
}

@BOOK{Gianni1980,
  title = {La Nuova Ortognatodonzia},
  publisher = {Piccin},
  year = {1980},
  author = {Giannì, E.},
  volume = {1},
  isbn = {88-299-0487-2},
  timestamp = {2011.05.22}
}

@ARTICLE{Hellman1935,
  author = {Hellman, N.},
  title = {The face in its developmental career},
  journal = {Dent Cosm},
  year = {1935},
  volume = {77},
  pages = {1--25},
  owner = {neo},
  timestamp = {2011.04.07}
}

@ARTICLE{Holdaway1956,
  author = {Holdaway, R. A.},
  title = {Changes in relationship of points A and B during orthodontic treatment},
  journal = {Am J Orthod},
  year = {1956},
  volume = {42},
  pages = {176},
  timestamp = {2011.05.25}
}

@BOOK{Iversen1975,
  title = {Canon and Proportions in Egyptian Art},
  publisher = {Aris and Phillips},
  year = {1975},
  author = {Iversen, E. and Shibata, Y.},
  edition = {2},
  owner = {neo},
  timestamp = {2011.04.07}
}

@BOOK{Izard1943,
  title = {La Practique Stomatologie VII; Orthodontie},
  publisher = {Masson et Cie},
  year = {1943},
  author = {Izard, G.},
  pages = {195--197},
  owner = {neo},
  timestamp = {2011.04.07}
}

@BOOK{Jacobson1995,
  title = {Radiographic cephalometry: from basics to videoimaging},
  publisher = {Quintessence Publishing Co, Inc.},
  year = {1995},
  author = {Jacobson, A.},
  isbn = {086715294X},
  owner = {neo},
  timestamp = {2011.04.22}
}

@ARTICLE{Jacobson1975,
  author = {Jacobson, A.},
  title = {The "Wits" appraisal of jaw disharmony},
  journal = {Am J Orthod},
  year = {1975},
  volume = {67},
  pages = {125--38},
  number = {2},
  month = {2},
  file = {:/home/david/UniPA/Tesi/docs/Jacobson - The "Wits" appraisal of jaw disharmony.pdf:PDF},
  owner = {david},
  timestamp = {2011.08.25}
}

@ARTICLE{Jacobson1980,
  author = {Jacobson, R. L. and Jacobson, A.},
  title = {Point A revisited},
  journal = {Am J Orthod},
  year = {1980},
  volume = {77},
  pages = {92--96},
  number = {1},
  month = {1},
  abstract = {Point A cannot be accurately identified in all cephalometric radiographs.
	In instances where this landmark is not clearly discernible, an alternative
	means of estimating the anterior extremity of the maxillary base
	is shown. A point plotted 3.0 mm. labial to a point between the upper
	third and lower two thirds of the long axis of the root of the maxillary
	central incisor was found to be a suitable point (estimated point
	A) through which to draw the NAE line and one which most closely
	approximates the true NA plane.},
  doi = {10.1016/0002-9416(80)90227-4},
  owner = {neo},
  timestamp = {2011.04.15}
}

@INBOOK{Korkhaus1939,
  chapter = {Gebiss- Kiefer- und Gesichtsorthopädie},
  title = {Bruhn C. Handbuch der Zahnheilkunde},
  publisher = {Verlag von JF Bergmann},
  year = {1939},
  author = {Korkhaus, G.},
  owner = {neo},
  timestamp = {2011.04.07}
}

@ARTICLE{Limborgh1970,
  author = {van Limborgh, J.},
  title = {A new view of the control of the morphogenesis of the skull.},
  journal = {Acta Morphol Neerl Scand},
  year = {1970},
  volume = {8},
  pages = {143--60},
  number = {2},
  timestamp = {2011.04.22}
}

@BOOK{Lucchese1988,
  title = {Guida allo studio del metodo di analisi cefalometrica di R.M. Ricketts
	e del V.T.O.},
  publisher = {G. Saccardin - A. Martina},
  year = {1988},
  author = {Lucchese, F. P.},
  owner = {david},
  timestamp = {2011.08.28}
}

@ARTICLE{Manetti1984,
  author = {Manetti, V.},
  title = {Presentazione del trattamento ortodontico-chirurgico di casi di Classe
	III (Verifica secondo Coben)},
  journal = {Mondo Ortod},
  year = {1984},
  volume = {9},
  pages = {63--84},
  number = {2},
  month = {Mar-Apr},
  timestamp = {2011.04.29}
}

@ARTICLE{McIntyre2003,
  author = {McIntyre, G. T. and Mossey, P. A.},
  title = {Size and shape measurement in contemporary cephalometrics},
  journal = {Eur J Orthod},
  year = {2003},
  volume = {25},
  pages = {231},
  number = {3},
  doi = {10.1093/ejo/25.3.231}
}

@ARTICLE{Moss1969,
  author = {Moss, M. L. and Salentijn, L.},
  title = {The primary role of functional matrices in facial growth},
  journal = {Am J Orthod},
  year = {1969},
  volume = {55},
  pages = {566--77},
  number = {6},
  month = {6},
  doi = {10.1016/0002-9416(69)90034-7},
  timestamp = {2011.04.22}
}

@ARTICLE{Moss1960,
  author = {Moss, M. L. and Young, R. W.},
  title = {A functional approach to craniology},
  journal = {Am J Phys Anthropol},
  year = {1960},
  volume = {18},
  pages = {281--92},
  month = {12},
  doi = {10.1016/0002-9416(61)90166-X},
  timestamp = {2011.04.22}
}

@INBOOK{Mueller1973,
  chapter = {Der Kanon in der ägyptischen Kunst},
  pages = {9--31},
  title = {Der vermessene Mensch-Anthropometrie in Kunst und Wissenschaft},
  publisher = {Heinz Moos Verlag},
  year = {1973},
  author = {Müller, H. W.},
  owner = {neo},
  timestamp = {2011.04.07}
}

@ARTICLE{Mueller1969,
  author = {Müller, L.},
  title = {Evaluation esthétique du profil cutané},
  journal = {Orth Franç},
  year = {1969},
  volume = {40},
  pages = {197--241},
  timestamp = {2011.05.25}
}

@ARTICLE{Nijkamp2008,
  author = {Nijkamp, P. G. and Habets, L. L. M. H. and Aartman, I. H. A. and
	Zentner, A.},
  title = {The influence of cephalometrics on orthodontic treatment planning.},
  journal = {Eur J Orthod},
  year = {2008},
  volume = {30},
  pages = {630--35},
  number = {6},
  month = {12},
  abstract = {Since its introduction, cephalometrics, i.e. cephalometric radiography
	and analysis, has been used for orthodontic treatment planning. However,
	the effectiveness of this diagnostic method remains questionable.
	A randomized crossover study was designed to assess the influence
	of cephalometrics in orthodontic treatment planning of individual
	patients. Diagnostic records of 48 subjects (24 males and 24 females
	aged 11-14 years) were divided in two stratified groups and assigned
	to one of two combinations: A, dental casts only, and B, dental casts,
	cephalometric radiographs, and analysis. The records were presented
	to 10 orthodontic postgraduates and four orthodontists for formulation
	of orthodontic treatment plans containing a dichotomous decision
	regarding the use of a functional appliance (FUNC), rapid maxillary
	expansion (RME), and extraction (EXTR). The combination of FUNC +
	RME + EXTR was used as the basis of the outcome measure. Agreement
	on orthodontic treatment planning using all possible comparisons
	of diagnostic records of individual patients (AB, AA, and BB) was
	assessed and overall proportions of agreement (OPA) were calculated
	for orthodontic postgraduates and orthodontists separately. Median
	OPA were 0.60 (AB), 0.65 (AA), and 0.60 (BB) for orthodontic postgraduates
	and 0.50 (AB), 0.75 (AA), and 0.50 (BB) for orthodontists. Irrespective
	of the level of experience, neither consistency of orthodontic treatment
	planning between both combinations of diagnostic records showed a
	statistically significant difference (P > 0.05) using Wilcoxon signed
	rank test nor did consistencies and agreement of orthodontic treatment
	planning after the addition of cephalometrics. It appears that cephalometrics
	are not required for orthodontic treatment planning, as they did
	not influence treatment decisions.},
  doi = {10.1093/ejo/cjn059},
  keywords = {Adolescent; Cephalometry; Child; Dental Models; Female; Humans; Male;
	Malocclusion, Angle Class II, radiography/therapy; Observer Variation;
	Orthodontics, Corrective, methods; Patient Care Planning; Reproducibility
	of Results; Statistics, Nonparametric},
  pmid = {18981169},
  url = {http://dx.doi.org/10.1093/ejo/cjn059}
}

@BOOK{Pacioli1509,
  title = {De Divina proportione},
  year = {1509},
  author = {Pacioli, L.},
  owner = {neo},
  timestamp = {2011.04.07}
}

@BOOK{Panofsky1974,
  title = {Meaning in the Visual Arts},
  publisher = {The Overlook Press},
  year = {1974},
  author = {Panofsky, E.},
  pages = {61--65, 103--105},
  owner = {neo},
  timestamp = {2011.04.07}
}

@ARTICLE{Paradies1910,
  author = {Paradies, F.},
  title = {Der goldene Schnitt und seine Bedeutung für den Zahnarzt},
  journal = {Dtsch Monatschr Zahnhk},
  year = {1910},
  volume = {9},
  pages = {640--52},
  owner = {neo},
  timestamp = {2011.04.07}
}

@ARTICLE{Petrovic1974,
  author = {Petrovic, A.},
  title = {Control of postnatal growth of secondary cartilages of the mandible
	by mechanisms regulating occlusion. Cybernetic model.},
  journal = {Trans Eur Orthod Soc},
  year = {1974},
  volume = {50},
  pages = {69--75},
  timestamp = {2011.04.22}
}

@ARTICLE{Petrovic1981,
  author = {Petrovic, A. and Stutzmann, J. and Gasson, N.},
  title = {The final length of the mandible: is it genetically determined?},
  journal = {Craniofacial Biology},
  year = {1981},
  volume = {10},
  pages = {105--26},
  timestamp = {2011.04.22}
}

@ARTICLE{ProiettiOrzella2006,
  author = {Proietti Orzella, S. and Denotti, G. and Giganti, U.},
  title = {Analisi Cefalometrica Sagittale: qual è il parametro più affidabile?},
  journal = {Virt J Orthod},
  year = {2006},
  volume = {7},
  pages = {9--18},
  number = {2},
  month = {7},
  owner = {david},
  timestamp = {2011.08.25}
}

@ARTICLE{Ricketts1982,
  author = {Ricketts, R. M.},
  title = {Divine proportion in facial esthetics},
  journal = {Clin Plast Surg},
  year = {1982},
  volume = {9},
  pages = {401--22},
  owner = {neo},
  timestamp = {2011.04.07}
}

@ARTICLE{Ricketts1982a,
  author = {Ricketts, R. M.},
  title = {The biologic significance of the divine proportion and Fibonacci
	series},
  journal = {Am J Orthod},
  year = {1982},
  volume = {81},
  pages = {351--70},
  doi = {10.1016/0002-9416(82)90073-2},
  owner = {neo},
  timestamp = {2011.04.07}
}

@ARTICLE{Ricketts1960,
  author = {Ricketts, R. M.},
  title = {A foundation for cephalometric communication},
  journal = {Am J Orthod},
  year = {1960},
  volume = {46},
  pages = {330},
  timestamp = {2011.05.22}
}

@ARTICLE{Sassouni1969,
  author = {Sassouni, V.},
  title = {A classification of skeletal facial types},
  journal = {Am J Orthod},
  year = {1969},
  volume = {55},
  pages = {109--23},
  doi = {10.1016/0002-9416(69)90122-5},
  timestamp = {2011.05.25}
}

@ARTICLE{Sassouni1955,
  author = {Sassouni, V.},
  title = {A roentgenographic cephalometric analysis of cephalo-facio-dental
	relationships},
  journal = {Am J Orthod},
  year = {1955},
  volume = {41},
  pages = {735--64},
  doi = {10.1016/0002-9416(55)90171-8},
  timestamp = {2011.05.25}
}

@BOOK{Schaefer1963,
  title = {Von ägyptischer Kunst},
  publisher = {Otto Harrassowitz},
  year = {1963},
  author = {Schäfer, H.},
  edition = {4},
  owner = {neo},
  timestamp = {2011.04.07}
}

@BOOK{Scott1967,
  title = {Dentofacial development and growth},
  publisher = {Elsevier},
  year = {1967},
  author = {Scott, J. H.},
  isbn = {0080124739},
  timestamp = {2011.04.22}
}

@ARTICLE{Steiner1960,
  author = {Steiner, C. C.},
  title = {The use of cephalometrics as an aid to planning and assessing orthodontic
	treatment},
  journal = {Am J Orthod},
  year = {1960},
  volume = {46},
  pages = {721--35},
  number = {10},
  month = {10},
  doi = {10.1016/0002-9416(60)90145-7},
  owner = {neo},
  timestamp = {2011.04.15}
}

@ARTICLE{Steiner1959,
  author = {Steiner, C. C.},
  title = {Cephalometrics in clinical practice},
  journal = {Am J Orthod},
  year = {1959},
  volume = {29},
  pages = {8},
  owner = {neo},
  timestamp = {2011.04.15}
}

@ARTICLE{Steiner1953,
  author = {Steiner, C. C.},
  title = {Cephalometrics for you and me},
  journal = {Am J Orthod},
  year = {1953},
  volume = {39},
  pages = {729--55},
  number = {10},
  month = {10},
  doi = {10.1016/0002-9416(53)90082-7},
  file = {:/home/neo/UniPA/Tesi/docs/Steiner - Cephalometry for you and me.pdf:PDF},
  owner = {neo},
  timestamp = {2011.04.15}
}

@ARTICLE{Tollaro1981,
  author = {Tollaro, I.},
  title = {Analisi cefalometrica delle "controparti" di Enlow: contributo personale
	e osservazioni critiche},
  journal = {Mondo Ortod},
  year = {1981},
  volume = {6},
  pages = {18--29},
  number = {2},
  month = {Mar-Apr},
  timestamp = {2011.05.13}
}

@ARTICLE{Vorhies1951,
  author = {Vorhies, J. M. and Adams, J. W.},
  title = {Polygonic interpretation of cephalometric findings},
  journal = {Angle Orthod},
  year = {1951},
  volume = {21},
  pages = {194},
  timestamp = {2011.05.06}
}

@ARTICLE{Weinmann1956,
  author = {Weinmann, J. P. and Sicher, H.},
  title = {Bone and bones. Fundamentals of bone biology.},
  journal = {Am J Orthod},
  year = {1956},
  volume = {42},
  pages = {394--5},
  number = {5},
  month = {5},
  doi = {10.1016/0096-6347(47)90310-4},
  timestamp = {2011.04.22}
}

@ARTICLE{Welcker1866,
  author = {Welcker, H.},
  title = {Kraniologische Mitteilungen},
  journal = {Arch Anthrop},
  year = {1866},
  volume = {1},
  pages = {89},
  owner = {neo},
  timestamp = {2011.04.07}
}

